<?xml version="1.0" encoding="UTF-8"?><collection xmlns="http://www.loc.gov/MARC21/slim"><record><leader>00462nam--2200133-i-4500</leader><controlfield tag="001">000031938</controlfield><controlfield tag="002">20161230</controlfield><controlfield tag="005">20161230201038</controlfield><controlfield tag="008">060222s1000------------r-----000-0-eng-d</controlfield><datafield ind1=" " ind2=" " tag="080"><subfield code="a">681.31:681.3.06</subfield></datafield><datafield ind1=" " ind2=" " tag="100"><subfield code="a">Maisel, Herbert</subfield></datafield><datafield ind1=" " ind2=" " tag="245"><subfield code="a">Introduction to electronic digital computers. with emphasis on the system/360, fortran iv, and pl/1. written with the assistance of donald l. wright</subfield></datafield><datafield ind1=" " ind2=" " tag="260"><subfield code="a">New York, Mcgraw-hill Book Co., 1969. Xv+395p</subfield></datafield><datafield ind1=" " ind2=" " tag="852"><subfield code="a">32823</subfield></datafield></record></collection>